<?xml version="1.0" encoding="UTF-8"?><record xmlns="http://www.loc.gov/MARC21/slim" xmlns:cinclude="http://apache.org/cocoon/include/1.0" xmlns:zs="http://www.loc.gov/zing/srw/">
  <leader>00510nz  a2200145n  4500</leader>
  <controlfield tag="001">no2010163436</controlfield>
  <controlfield tag="003">DLC</controlfield>
  <controlfield tag="005">20101009075804.0</controlfield>
  <controlfield tag="008">101007n| acannaabn          |n aaa     c</controlfield>
  <datafield tag="010" ind1=" " ind2=" ">
    <subfield code="a">no2010163436</subfield>
  </datafield>
  <datafield tag="035" ind1=" " ind2=" ">
    <subfield code="a">(OCoLC)oca08649765</subfield>
  </datafield>
  <datafield tag="040" ind1=" " ind2=" ">
    <subfield code="a">NjP</subfield>
    <subfield code="b">eng</subfield>
    <subfield code="c">NjP</subfield>
  </datafield>
  <datafield tag="100" ind1="1" ind2=" ">
    <subfield code="a">Leidesdorf, Samuel David,</subfield>
    <subfield code="d">1881-1968</subfield>
  </datafield>
  <datafield tag="670" ind1=" " ind2=" ">
    <subfield code="a">An appreciation of Samuel David Leidesdorf, 1931:</subfield>
    <subfield code="b">t.p. (Samuel David Leidesdorf)</subfield>
  </datafield>
  <datafield tag="670" ind1=" " ind2=" ">
    <subfield code="a">Wikipedia, Sept. 30, 2010</subfield>
    <subfield code="b">(Samuel David Leidesdorf; b. 1881 in New York City, d. 1968; accountant)</subfield>
  </datafield>
</record>